@article{lin1973,
    author  = {Shen Lin and Brian W. Kernighan},
    title   = {An Effective Heuristic Algorithm for the Travelling-Salesman Problem},
    journal = {Operations Research},
    volume  = {21},
    year    = {1973},
    pages   = {498--516}
}
 
@book{tanenbaum,
  	author = {Andrew S. Tanenbaum and Maarten Van Steen},
  	title = {Distributed Systems: Principles and Paradigms (Second Edition)},
  	publisher = {Pearson Prentice Hall},
  	note = {ISBN 0-13-239227-5},
  	year = {2007}
}

@misc{mpi,
	author = "{Message Passing Interface Forum}",
	title = {MPI: A Message-Passing Interface Standard Version 3.0},
	year = {2012},
	howpublished={\url{http://www.mpi-forum.org/docs/mpi-3.0/mpi30-report.pdf}},
	note = {[Online. Accessed 20th May 2015]}
}

@misc{erl,
    author = {Fred Hebert},
    title = {Learn You Some Erlang for Great Good! : A Beginner's Guide},    
    year = {2013},
    howpublished={\url{http://learnyousomeerlang.com/content}},
  	note = {No Starch Press. [Online. Accessed 20th May 2015]}
}

@misc{erl_history,
    author = {Bjarne D\"acker},
    title = {Concurrent functional programming for telecommunications: A case study of technology introduction},    
    year = {2000},
    howpublished={\url{http://www.erlang.se/publications/bjarnelic.ps}},
  	note = {Licenciate Thesis, Department of Teleinformatics.
TRITA-IT AVH 00:08, ISSN 1403-5286. Royal Institute of Technology, Stockholm, Sweden. [Online. Accessed 20th May 2015]}
}

@misc{erl_doc,
author = "{Ericsson AB}",
    title = {Erlang/OTP System Documentation 6.4},    
    year = {2015},
    howpublished={\url{http://www.erlang.org/doc/pdf/otp-system-documentation.pdf}},
  	note = {[Online. Accessed 31th May 2015]}
}

@misc{Armstrong96erlang,
    author = {Joe Armstrong},
    title = {Erlang - A survey of the language and its industrial applications. In: Proceedings of the symposium on industrial applications of Prolog (INAP96)},    
    year = {1996},
    howpublished={\url{http://www.erlang.se/publications/inap96.ps}},
  	note = {The 9'th Exhibitions and Symposium on Industrial Applications of Prolog. 16-18, October 1996. Hino, Tokyo Japan. [Online. Accessed 5th May 2015]}
}